<?xml version="1.0" encoding="UTF-8"?><collection xmlns="http://www.loc.gov/MARC21/slim"><record><leader>00351nam--2200121-i-4500</leader><controlfield tag="001">000004269</controlfield><controlfield tag="002">20161230</controlfield><controlfield tag="005">20161230201025</controlfield><controlfield tag="008">060222s1000------------r-----000-0-eng-d</controlfield><datafield ind1=" " ind2=" " tag="245"><subfield code="a">Gas turbine principles and practice. written by 24 specialist contributors</subfield></datafield><datafield ind1=" " ind2=" " tag="260"><subfield code="a">London, George Newnes Limited, 1955</subfield></datafield><datafield ind1=" " ind2=" " tag="490"><subfield code="a">Xii+14p</subfield></datafield><datafield ind1=" " ind2=" " tag="700"><subfield code="a">Cox, Harold Roxbee</subfield></datafield></record></collection>